<record><leader>02041cam a2200445 i 4500</leader><controlfield tag="001">6803082</controlfield><controlfield tag="003">OCoLC</controlfield><controlfield tag="005">20150130141235.0</controlfield><controlfield tag="008">141107t20152015nyua   j 6b   000 1 eng  </controlfield><datafield ind1=" " ind2=" " tag="010"><subfield code="a">  2014041225</subfield></datafield><datafield ind1=" " ind2=" " tag="020"><subfield code="a">9781626720138 (paperback)</subfield></datafield><datafield ind1=" " ind2=" " tag="020"><subfield code="a">1626720134 (paperback)</subfield></datafield><datafield ind1=" " ind2=" " tag="020"><subfield code="a">9781626720145 (hardback)</subfield></datafield><datafield ind1=" " ind2=" " tag="020"><subfield code="a">1626720142 (hardback)</subfield></datafield><datafield ind1=" " ind2=" " tag="035"><subfield code="a">ocn874726608</subfield></datafield><datafield ind1=" " ind2=" " tag="040"><subfield code="a">DLC</subfield><subfield code="b">eng</subfield><subfield code="e">rda</subfield><subfield code="c">DLC</subfield><subfield code="d">IG#</subfield><subfield code="d">BTCTA</subfield><subfield code="d">YDXCP</subfield><subfield code="d">BDX</subfield><subfield code="d">TXN</subfield><subfield code="d">NTE</subfield><subfield code="d">KAA</subfield><subfield code="d">OCLCF</subfield><subfield code="d">NYP</subfield><subfield code="d">UAB</subfield><subfield code="d">AEU</subfield></datafield><datafield ind1="0" ind2="0" tag="050"><subfield code="a">BL820.M2</subfield><subfield code="b">O26 2014</subfield></datafield><datafield ind1="0" ind2="0" tag="082"><subfield code="a">741.5/973</subfield><subfield code="2">23</subfield></datafield><datafield ind1=" " ind2=" " tag="090"><subfield code="a">PZ 7.7 O266 Are 2015</subfield><subfield code="b">AEU</subfield></datafield><datafield ind1="1" ind2=" " tag="100"><subfield code="a">O'Connor, George,</subfield><subfield code="e">author.</subfield></datafield><datafield ind1="1" ind2="0" tag="245"><subfield code="a">Ares :</subfield><subfield code="b">bringer of war /</subfield><subfield code="c">George O'Connor.</subfield></datafield><datafield ind1=" " ind2=" " tag="250"><subfield code="a">First edition.</subfield></datafield><datafield ind1=" " ind2="1" tag="264"><subfield code="a">New York, New York :</subfield><subfield code="b">First Second,</subfield><subfield code="c">2015.</subfield></datafield><datafield ind1=" " ind2="4" tag="264"><subfield code="c">&#169;2015</subfield></datafield><datafield ind1=" " ind2=" " tag="300"><subfield code="a">76 pages :</subfield><subfield code="b">chiefly color illustrations ;</subfield><subfield code="c">26 cm.</subfield></datafield><datafield ind1=" " ind2=" " tag="336"><subfield code="a">text</subfield><subfield code="2">rdacontent</subfield></datafield><datafield ind1=" " ind2=" " tag="336"><subfield code="a">still image</subfield><subfield code="2">rdacontent</subfield></datafield><datafield ind1=" " ind2=" " tag="337"><subfield code="a">unmediated</subfield><subfield code="2">rdamedia</subfield></datafield><datafield ind1=" " ind2=" " tag="338"><subfield code="a">volume</subfield><subfield code="2">rdacarrier</subfield></datafield><datafield ind1="1" ind2=" " tag="490"><subfield code="a">Olympians ;</subfield><subfield code="v">7</subfield></datafield><datafield ind1=" " ind2=" " tag="500"><subfield code="a">"A Neal Porter Book."</subfield></datafield><datafield ind1=" " ind2=" " tag="504"><subfield code="a">Includes bibliographical references.</subfield></datafield><datafield ind1=" " ind2=" " tag="520"><subfield code="a">"The myth continues in the tenth year of the fabled Trojan War where two infamous gods of war go to battle. The spotlight is thrown on Ares, god of war, and primarily focuses on his battle with the clever and powerful Athena. As the battle culminates and the gods try to one-up each other to win, the human death toll mounts. Who will win this epic clash of power? And how many will have to die first?"--</subfield><subfield code="c">Provided by publisher.</subfield></datafield><datafield ind1=" " ind2=" " tag="596"><subfield code="a">41</subfield></datafield><datafield ind1=" " ind2="0" tag="650"><subfield code="a">Ares (Greek deity)</subfield><subfield code="v">Comic books, strips, etc.</subfield></datafield><datafield ind1=" " ind2="0" tag="650"><subfield code="a">Trojan War</subfield><subfield code="v">Comic books, strips, etc.</subfield></datafield><datafield ind1="1" ind2=" " tag="800"><subfield code="a">O'Connor, George.</subfield><subfield code="t">Olympians ;</subfield><subfield code="v">7.</subfield></datafield><datafield ind1="4" ind2="2" tag="856"><subfield code="3">Cover image</subfield><subfield code="u">http://www.netread.com/jcusers2/bk1388/138/9781626720138/image/lgcover.9781626720138.jpg</subfield></datafield><datafield ind1=" " ind2=" " tag="949"><subfield code="a">PZ 7.7 O266 Are 2015</subfield><subfield code="c">1</subfield><subfield code="h">UAED-CU-B</subfield><subfield code="i">0162035238664</subfield></datafield><datafield ind1=" " ind2=" " tag="926"><subfield code="a">PZ 7.7 O266 Are 2015</subfield><subfield code="w">LC</subfield><subfield code="c">1</subfield><subfield code="i">0162035238664</subfield><subfield code="l">CURRICULUM</subfield><subfield code="m">UAEDUC</subfield><subfield code="p">$150.00</subfield><subfield code="r">Y</subfield><subfield code="s">Y</subfield><subfield code="t">BOOK</subfield><subfield code="u">2/11/2015</subfield></datafield></record>